2884 4275
560 364 828 418 INTRODUCI'ION

563 619 647 669 VITA
670 620 821 670 HORATII

403 736 483 787 Fron
500 735 661 795 Suxroruus,
678 738 719 786 De
742 738 814 787 Viris
829 738 978 789 illustribus

175 882 216 957 Q.
233 882 384 943 Horatius
398 882 528 943 Flaccus
542 880 729 954 Venusinus,
741 892 836 959 patre,
853 894 886 944 ut
900 883 966 962 ipse
980 886 1083 959 tradit,
1098 887 1240 950 libertino

133 990 166 1040 et
181 980 375 1040 exactionum
386 990 536 1052 coactore,
547 990 580 1039 ut
590 998 663 1040 vero
678 979 828 1039 creditum
842 990 898 1052 est,
914 982 1154 1057 salsamentario‚
1169 1006 1237 1046 cum

134 1075 180 1135 illi
195 1076 319 1153 quidam
336 1076 367 1135 in
385 1076 583 1137 altercatione
601 1077 834 1153 exprobrasset:
857 1078 1015 1154 ‘quotiens
1034 1100 1092 1159 ego
1107 1082 1169 1142 vidi
1188 1104 1240 1161 pa-

134 1182 214 1233 trem
229 1183 314 1233 tuum
331 1174 458 1234 brachio
472 1194 506 1234 se
520 1184 735 1252 emungentem
746 1176 773 1233 1’
815 1175 900 1235 Bello
916 1176 1105 1254 Philippensi
1122 1179 1238 1241 excitus

134 1290 153 1330 a
169 1273 213 1332 M.
231 1273 325 1331 Bruto
341 1270 523 1349 imperatore
540 1270 680 1332 tribunus
698 1271 828 1332 militum
846 1274 965 1347 meruit,
981 1275 1129 1353 victisque
1149 1277 1239 1355 parti·

133 1370 193 1429 bus
202 1368 293 1429 venia
305 1369 466 1447 impetrata
477 1368 622 1447 scriptum
633 1371 841 1446 quaestorium
850 1372 1047 1449 comparavit.
1082 1377 1129 1435 Ac
1141 1374 1239 1452 primo

133 1466 321 1539 Maecenati,
333 1486 404 1528 mox
418 1469 557 1545 Augusto
572 1466 743 1527 insinuatus
758 1487 819 1528 non
835 1468 1020 1529 mediocrem
1034 1469 1065 1529 in
1080 1472 1237 1531 amborum

133 1563 270 1624 amicitia
285 1563 385 1624 locum
398 1563 506 1625 tenuit.
551 1566 718 1625 Maecenas
730 1574 919 1641 quantopere
930 1584 999 1626 eum
1010 1566 1150 1629 dilexerit
1164 1568 1238 1629 satis

132 1670 264 1722 testatur
278 1660 330 1721 illo
344 1660 562 1741 epigrammate
573 1685 580 1723 ι
591 1696 630 1706 -

466 1791 493 1842 ni
504 1800 529 1844 te
541 1792 676 1842 visceribus
688 1792 759 1851 meis,
772 1791 873 1851 Horati,

465 1875 522 1940 plus
533 1875 583 1924 iam
595 1874 682 1939 diligo,
694 1882 723 1923 tu
734 1882 807 1924 tuum
819 1875 931 1926 sodalem

463 1958 559 2007 Ninnio
571 1957 658 2006 videas
670 1957 851 2020 strigosiorem3

134 2075 191 2136 sed
216 2074 311 2138 multo
336 2074 434 2156 magis
459 2073 602 2135 extremis
628 2072 750 2133 iudiciis
777 2073 831 2133 tali
856 2075 896 2135 ad
920 2077 1091 2156 Augustum
1120 2075 1238 2156 elogio:

135 2173 266 2234 ‘Horati
294 2174 397 2235 Flacci
425 2184 459 2234 ut
485 2172 544 2234 mei
574 2182 640 2233 esto
670 2177 805 2234 memor.’
854 2176 1011 2252 Augustus
1040 2174 1239 2252 epistularum

134 2290 257 2348 quoque
279 2271 307 2331 ei
328 2271 460 2330 officium
480 2269 599 2342 obtulit,
617 2279 649 2330 ut
667 2271 727 2330 hoc
747 2271 788 2331 ad
811 2274 1024 2331 Maecenatem
1046 2272 1161 2348 scripto
1181 2271 1240 2350 sig-

134 2367 258 2429 nificat:
284 2375 373 2428 ‘ante
398 2367 464 2446 ipse
489 2367 678 2428 sufficiebam
703 2368 877 2428 scribendis
898 2368 1037 2445 epistulis
1061 2367 1238 2440 amicorum,

134 2485 218 2526 nunc
238 2465 492 2543 occupatissimus
513 2476 545 2525 et
566 2464 704 2524 infirmus
726 2464 891 2525 Horatium
909 2476 1046 2525 nostrum
1064 2485 1082 2524 a
1101 2475 1131 2525 te
1148 2468 1239 2544 cupio

134 2563 298 2623 abducere.
339 2563 452 2622 Veniet
466 2581 539 2641 ergo
554 2563 593 2622 ab
605 2562 664 2622 ista
678 2562 844 2639 parasitica
857 2581 964 2622 mensa
978 2564 1018 2622 ad
1033 2563 1112 2623 hanc
1124 2563 1239 2642 regiam

134 2669 167 2720 et
188 2679 245 2719 nos
262 2660 293 2718 in
314 2659 453 2737 epistulis
472 2659 644 2719 scribendis
664 2659 843 2720 adiuvabit.'
884 2661 931 2719 Ac
949 2679 987 2720 ne
1005 2660 1158 2720 recusanti
1176 2661 1240 2737 qui-

134 2758 206 2817 dem
221 2767 273 2816 aut
284 2758 459 2818 succensuit
473 2758 636 2834 quicquam
649 2767 702 2818 aut
712 2756 878 2817 amicitiam
890 2777 975 2817 suam
989 2757 1126 2836 ingerere
1137 2758 1238 2818 desiit,

135 2856 249 2914 Extant
260 2854 417 2932 epistulae,
430 2874 446 2914 e
459 2855 570 2932 quibus
581 2855 753 2934 argumenti
763 2855 862 2933 gratia
873 2874 971 2932 pauca
982 2854 1116 2916 subieci:
1135 2861 1238 2915 ‘sume

134 2950 192 3011 tibi
214 2951 330 3027 aliquid
351 2952 425 3012 iuris
447 2953 529 3030 apud
551 2973 608 3025 me,
627 2964 783 3029 tamquam
804 2952 832 3012 si
852 2951 1009 3011 convictor
1030 2951 1104 3011 mihi
1125 2953 1238 3024 iueris3

135 3058 219 3108 recte
235 3049 314 3108 enim
335 3061 366 3110 et
385 3071 446 3110 non
465 3062 579 3112 temere
595 3052 716 3123 feceriS,
733 3050 876 3128 quoniam
897 3048 928 3108 id
948 3068 1021 3108 usus
1042 3049 1117 3107 mihi
1138 3059 1238 3109 tecum

135 3165 205 3206 esse
219 3146 311 3219 volui,
322 3147 348 3207 si
362 3167 418 3225 per
429 3149 628 3210 valitudinem
643 3160 727 3210 tuam
740 3149 805 3210 fieri
820 3146 937 3225 possit)
981 3148 1019 3206 Et
1033 3165 1155 3208 rursus:
1177 3147 1239 3205 ‘tui

135 3244 258 3320 qualem
280 3246 409 3306 habeam
433 3248 609 3308 memoriam
631 3249 745 3325 poteris
766 3268 803 3308 ex
826 3244 975 3323 Septimio
994 3263 1115 3321 quoque
1135 3254 1240 3304 nostro

136 3341 260 3414 audire,
283 3364 353 3403 nam
369 3344 477 3404 incidit
491 3355 525 3404 ut
536 3345 587 3406 illo
602 3364 703 3406 coram
716 3345 803 3406 fieret
817 3364 835 3403 a
850 3364 898 3404 me
909 3343 954 3404 tui
966 3342 1088 3403 mentio.
1130 3343 1240 3417 Neque

136 3439 219 3500 enim
230 3441 257 3500 si
268 3452 302 3502 tu
312 3441 462 3518 superbus
477 3441 642 3502 amicitiam
657 3453 792 3502 nostram
803 3441 955 3518 sprevisti,
966 3441 1036 3501 ideo
1047 3458 1104 3499 nos
1119 3458 1240 3515 quoque

136 3539 436 3617 ἁνθυπερηφανοῦμεν.’
481 3541 642 3600 Praeterea
656 3559 749 3616 saepe
765 3559 834 3598 eum
850 3538 929 3599 inter
948 3539 1025 3599 alios
1043 3539 1126 3598 iocos
1146 3537 1242 3614 puris·

136 3636 248 3696 simum
266 3655 376 3713 penem
390 3646 421 3696 et
435 3636 669 3696 homuncionem
689 3636 910 3712 lepidissimum
926 3636 1061 3713 appellat
1076 3654 1197 3711 unaque
1212 3644 1242 3693 et

137 3732 432 3794 alteraliberalitate
448 3733 653 3810 locupletavit.
698 3733 818 3810 Scripta
833 3734 957 3811 quidem
971 3733 1038 3793 eius
1052 3750 1149 3809 usque
1164 3732 1243 3792 adeo

677 3868 712 3907 21
