2884 4275
578 345 765 397 SERMONES
1089 345 1128 410 [2,
1139 359 1164 410 3,
1177 358 1225 411 27⁰

109 522 162 574 260
204 511 360 576 exclusus
376 512 433 595 qui
448 511 556 588 distat,
574 513 644 594 agit
659 511 717 578 ubi
732 531 846 576 secum
863 520 976 576 eatan
992 532 1070 587 non,

207 635 275 698 quo
291 616 457 693 rediturus
473 626 546 680 erat
557 636 626 679 non
641 617 830 693 arcessitus,
847 626 881 680 et
897 617 1013 680 haeret

207 720 324 784 invisis
339 720 490 784 foribus?
536 721 627 784 ‘Nec
643 740 743 797 nunc,
760 740 835 785 curn
857 739 911 784 me
925 728 1025 783 vocat
1039 720 1136 797 ultro,

209 823 377 901 accedam,
395 843 437 886 an
453 811 566 907 potius
582 824 724 888 mediter
739 823 834 888 finire
849 823 1006 888 dolores?

211 927 362 991 Exclusit
373 948 381 1005 ;
405 937 560 992 revocat:
590 926 752 992 redeam?
781 928 870 1005 Non,
888 927 916 991 si
931 927 1104 992 obsecret’
1136 929 1225 992 Ecce

110 1044 166 1111 265
206 1051 332 1108 servus,
349 1051 417 1095 non
432 1033 534 1115 paulo
550 1023 756 1115 sapientior:
780 1031 833 1097 ‘O
850 1051 916 1108 ere,
933 1051 1088 1116 quaeres

209 1155 272 1199 nec
288 1137 423 1199 modum
439 1135 542 1200 habet
557 1155 666 1220 neque
681 1135 865 1213 consilium,
883 1136 1011 1199 ratione
1027 1136 1191 1219 modoque

211 1240 347 1303 tractari
362 1259 430 1303 non
444 1239 523 1303 volt.
572 1240 612 1302 In
629 1258 743 1304 amore
759 1240 842 1304 haec
858 1247 936 1304 sunt
948 1237 1045 1315 mala,
1061 1239 1196 1315 bellurn,

210 1363 277 1426 pax
291 1362 443 1406 rursum:
466 1343 550 1408 haec
562 1343 590 1407 si
605 1343 679 1427 quis
694 1343 904 1426 tempestatis
920 1361 1025 1425 prope
1040 1342 1105 1406 ritu

210 1447 344 1511 mobilia
359 1456 393 1510 et
407 1467 509 1512 caeca
523 1447 687 1512 fluitantia
703 1456 792 1512 sorte
808 1447 936 1510 laboret

117 1579 168 1627 270
210 1551 349 1616 reddere
365 1560 455 1616 certa
471 1551 542 1627 sibi,
559 1551 662 1616 nihilo
678 1552 757 1633 plus
772 1550 917 1634 explicet
931 1570 971 1614 ac
986 1550 1015 1615 si

163 1687 221 1748 266.
247 1695 294 1762 qui
305 1695 407 1748 distat:
427 1693 460 1749 cf.
471 1693 543 1764 quid
550 1693 646 1762 semele,
735 1700 784 1748 πᾶα
795 1695 823 1747 n.
846 1691 917 1747 This
934 1710 1051 1765 passage
1068 1693 1124 1749 isa
1140 1702 1227 1749 trans·

117 1791 159 1828 vs.
173 1789 226 1844 993
246 1772 297 1842 qui
306 1773 445 1842 discrepat
456 1775 573 1840 ritanus.
589 1773 646 1826 108.
701 1771 823 1842 position
838 1772 871 1828 of
885 1773 931 1828 the
946 1773 1006 1828 first
1022 1774 1093 1828 lines
1111 1774 1144 1828 of
1159 1777 1226 1828 Ter-

118 1854 183 1906 The
205 1852 344 1907 endeavor
364 1859 394 1906 to
416 1869 501 1922 prove
522 1853 557 1906 all
583 1869 646 1907 men
702 1854 793 1906 euce's
829 1854 983 1907 Eunuchus
1018 1853 1089 1908 from
1125 1852 1226 1908 iambic

117 1933 231 2003 equally
244 1931 309 1985 mad
324 1932 401 1986 leads
416 1942 446 1987 to
459 1932 506 1987 the
522 1932 647 2003 frequent
701 1932 803 1986 senarii
814 1933 873 1987 into
886 1933 1067 1988 hexameters.
1098 1935 1160 1987 The
1170 1951 1227 1988 cor·

117 2031 168 2068 use
179 2012 212 2066 os
220 2012 276 2065 this
289 2011 358 2067 kind
370 2012 402 2067 os
409 2013 519 2084 phrase.
528 2019 644 2082 -agitr
702 2012 872 2084 responding
879 2030 972 2067 verses
980 2012 1012 2067 of
1018 2014 1066 2067 the
1073 2014 1227 2066 Eunuchus

117 2095 268 2157 considers,
281 2109 389 2164 argues.
704 2092 755 2165 (46
765 2091 810 2163 ff.)
824 2092 1095 2149 areasfollowsr-
1200 2127 1204 2132 .

173 2208 320 2280 Phaedria,
339 2211 385 2266 the
403 2211 488 2281 lover,
506 2212 666 2282 speaks:-

265 2308 339 2379 Quid
351 2308 434 2380 igitur
446 2309 561 2365 faciam?
598 2310 654 2365 non
667 2326 728 2364 eam
741 2326 776 2364 ne
789 2309 864 2363 nunc
874 2308 986 2378 quidem

265 2396 346 2449 quarn
359 2381 485 2435 accersor
496 2380 586 2435 ultro?
622 2397 658 2434 an
676 2380 769 2449 potius
781 2378 821 2433 ita
835 2396 879 2433 me
892 2380 1059 2449 cdmparem,

265 2467 322 2504 non
370 2449 439 2519 rpeti
452 2452 623 2505 meretricum
636 2449 835 2505 contumelias?

265 2520 395 2589 exclusit3
416 2529 539 2575 revocat:
558 2520 687 2576 redeam?
723 2537 788 2588 non,
801 2518 825 2573 si
837 2536 882 2575 me
894 2518 1030 2577 obsecret.

163 2636 313 2702 Parmeno,
326 2635 373 2689 the
385 2634 469 2703 slave,
482 2634 580 2705 replies
597 2620 666 2706 (vss'.
681 2648 713 2704 57
726 2633 770 2705 ff.)
779 2651 830 2687 :-

265 2748 318 2795 ere,
331 2732 408 2802 quae,
421 2750 465 2787 res
479 2732 507 2786 in
521 2751 552 2787 se
565 2734 654 2803 neque
667 2730 812 2787 consilium
826 2731 915 2801 neque
928 2731 1042 2786 modurn

264 2801 349 2857 habet
361 2804 454 2869 ullum,
471 2820 530 2857 eam
551 2804 668 2859 consilio
686 2818 780 2873 regere
798 2803 856 2855 ndn
873 2805 962 2871 potes.

264 2871 295 2925 in
313 2874 405 2927 amore
426 2873 495 2927 haec
514 2874 608 2928 omnia
627 2873 722 2927 lnsunt
746 2871 827 2925 vitia:
857 2870 980 2940 iniuriae,

265 2942 443 3011 susplciones,
461 2943 626 3009 inimicitiae,
639 2942 770 3010 indutiae,

264 3011 375 3079 bellurn,
387 3030 441 3082 pax
459 3030 580 3081 rursum;
608 3012 712 3067 incerta
728 3012 796 3067 haec
812 3012 836 3066 si
855 3019 885 3065 tu
905 3010 1029 3081 pdstules

264 3082 369 3138 ratione
390 3092 465 3137 certa
483 3083 579 3150 facere,
593 3083 680 3137 nihilo
692 3083 753 3153 plns
766 3099 832 3153 agas

258 3169 345 3223 quam
358 3153 383 3206 sl
394 3153 443 3207 des
456 3171 567 3223 operam
579 3161 609 3206 ut
622 3153 685 3207 crim
696 3153 802 3206 ratione
814 3151 946 3207 insdnias.

165 3276 225 3335 ²⁶5·
247 3269 412 3334 sapientior:
435 3270 483 3324 the
510 3269 650 3325 confiden-
700 3268 860 3338 changcable
883 3286 917 3321 as
941 3269 986 3323 the
1011 3268 1144 3323 weathtr.
1195 3270 1229 3323 In

119 3352 170 3407 tial
181 3351 256 3406 slave
265 3350 292 3403 in
306 3351 353 3404 the
363 3350 501 3404 comedies
512 3350 536 3404 is
543 3351 650 3420 usually
701 3349 757 3403 this
767 3366 816 3403 use
828 3351 887 3402 ritu
895 3348 919 3402 is
926 3366 963 3403 no
976 3366 1052 3403 more
1061 3350 1129 3403 than
1138 3351 1226 3403 modo.

119 3434 150 3488 in
168 3432 217 3485 the
235 3430 357 3501 position
377 3428 410 3483 of
426 3430 537 3484 advisor
555 3438 585 3485 to
607 3431 650 3485 his
700 3444 843 3482 -caeca.
859 3466 865 3479 .
881 3466 887 3479 .
902 3431 990 3481 some:
1011 3429 1059 3484 the
1079 3429 1166 3485 direct
1179 3448 1229 3499 op

119 3528 218 3585 young
229 3519 340 3566 master.
701 3510 792 3581 posite
804 3509 837 3564 of
844 3516 919 3563 certa
931 3511 1049 3563 ratione.

165 3598 224 3657 267.
242 3605 296 3644 non
307 3593 381 3644 volt:
403 3593 446 3646 de.
461 3598 570 3659 cannot,
582 3591 650 3647 does
745 3606 802 3655 270.
868 3590 1002 3655 explicet:
1089 3592 1228 3661 untangle,

120 3682 172 3729 not
184 3672 288 3727 submit
301 3680 330 3726 to
343 3672 410 3727 such
423 3680 579 3727 treatment.
701 3672 854 3742 strazguten
885 3678 941 3738 out,
974 3673 1020 3724 iu.
1055 3671 1155 3727 reduce
1182 3671 1229 3725 the

165 3757 248 3811 ποθί.
271 3758 448 3823 tempestatis
476 3793 483 3812 .
508 3794 515 3811 .
542 3796 548 3808 .
579 3759 649 3811 ritus
702 3760 800 3806 matter
821 3760 850 3805 to
877 3761 980 3822 system
1005 3750 1061 3805 and
1086 3751 1227 3823 certainty.

652 3851 704 3913 Ι95
