2884 4275
632 370 899 423 INTRODUCTION
952 374 955 382 ’

210 540 350 617 probavit
364 558 567 616 mansuraque
584 546 732 615 perpetuo
746 535 889 613 opinatus
903 545 959 607 est,
972 545 1005 595 ut
1019 555 1082 595 non
1096 535 1187 595 modo
1203 537 1314 595 Saecu-

209 636 271 697 lare
291 657 413 698 carmen
432 636 678 713 componendum
701 632 873 706 iniunxerit,
887 633 943 693 sed
962 643 994 693 et
1010 632 1205 693 Vindelicam
1219 632 1315 691 victo

209 732 284 792 riam
310 733 426 793 Tiberii
452 732 606 809 Drusique
631 730 840 809 privignorum
862 749 996 802 suorum,
1021 750 1151 806 eumque
1177 729 1314 807 coegerit

209 840 332 907 propter
346 832 404 891 hoc
419 829 518 890 tribus
532 828 701 888 carminum
719 827 805 887 libris
823 848 861 887 ex
880 828 972 906 longo
989 827 1150 887 intervallo
1169 836 1313 903 quartum

208 928 338 1000 addere3
363 939 432 1005 post
447 946 601 987 sermones
617 945 689 985 vero
706 926 855 1002 quosdam
870 925 966 986 lectos
985 925 1100 983 nullam
1119 922 1166 983 sui
1187 923 1314 983 mentio

208 1043 277 1083 nem
296 1024 432 1083 habitam
453 1024 495 1084 ita
513 1024 553 1084 sit
572 1033 713 1099 questus:
737 1022 846 1083 ‘irasci
864 1043 912 1082 me
929 1022 986 1083 tibi
1004 1022 1090 1093 scito,
1105 1022 1188 1097 quod
1203 1040 1264 1080 non
1279 1018 1313 1078 in

208 1120 360 1197 plerisque
382 1121 448 1181 eius
469 1120 551 1181 modi
573 1120 696 1197 scriptis
718 1140 837 1179 mecum
859 1119 1050 1197 potissimum
1074 1117 1217 1194 loquaris.
1261 1119 1313 1175 An

208 1216 320 1277 vereris
336 1238 374 1277 ne
389 1219 471 1295 apud
487 1227 625 1295 posteros
640 1217 754 1276 infame
768 1216 824 1276 tibi
839 1216 888 1287 sit,
904 1217 987 1292 quod
1001 1215 1135 1275 videaris
1150 1213 1314 1273 familiaris

207 1313 297 1373 nobis
308 1333 376 1374 esse
386 1317 416 1375 i’
437 1314 681 1392 expresseritque
696 1314 834 1392 eclogam
848 1314 889 1373 ad
902 1333 936 1373 se
947 1313 1035 1373 cuius
1046 1311 1166 1371 initium
1177 1321 1291 1372 est:—

437 1504 495 1538 cum
506 1494 544 1537 tot
555 1487 678 1538 sustineas
690 1493 716 1536 et
728 1492 798 1536 tanta
809 1486 912 1549 negotia
923 1485 999 1546 solus,

437 1586 476 1619 res
488 1571 565 1620 Italas
576 1570 652 1619 armis
660 1559 761 1627 luteris,
773 1570 885 1617 moribus
897 1585 978 1628 ornes,

437 1653 535 1717 legibus
547 1654 675 1711 emendes,
687 1652 714 1701 in
726 1652 828 1716 publica
839 1653 972 1701 commoda
983 1667 1097 1716 peccem,

438 1736 459 1784 si
469 1734 546 1799 longo
557 1751 674 1785 sermone
686 1752 768 1784 morer
780 1742 823 1784 tua
834 1740 956 1800 tempora,
968 1735 1066 1784 Caesar.

209 1901 329 1961 Habitu
342 1901 479 1979 corporis
493 1882 551 1961 fuit
567 1902 670 1963 brevis
689 1913 782 1979 atque
798 1903 920 1975 obesus
936 1901 1035 1978 qualis
1049 1913 1081 1962 et
1095 1922 1113 1962 a
1126 1911 1224 1962 semet
1242 1900 1313 1978 ipso

181 1994 185 2002 “
209 1997 238 2057 in
260 1998 362 2058 satiris
382 1998 566 2060 describitur
584 2010 615 2059 et
633 2002 673 2060 ab
694 2002 835 2079 Augusto
856 2001 914 2060 hac
932 2000 1080 2077 epistula:
1109 1997 1254 2076 ‘pertulit
1271 1999 1312 2057 ad

168 2164 171 2169 .
208 2114 255 2155 me
270 2096 404 2156 Oniscus
419 2095 554 2156 libellum
570 2107 665 2169 tuum,
681 2117 771 2174 quern
786 2118 853 2177 eg0,
866 2108 899 2158 ut
913 2106 1120 2169 excusantem,
1135 2096 1314 2173 quantulus-

206 2212 338 2269 cumque
352 2203 407 2265 est,
419 2193 493 2254 boni
504 2195 640 2255 consulo.
682 2195 790 2255 Vereri
805 2206 907 2255 autem
919 2195 993 2254 mihi
1004 2194 1118 2254 videris
1129 2214 1168 2253 ne
1180 2193 1312 2253 maiores

207 2290 302 2350 libelli
316 2290 360 2350 tui
374 2291 437 2351 sint
451 2311 543 2368 quam
561 2292 626 2369 ipse
643 2311 686 2364 eS,
702 2294 759 2352 sed
777 2292 834 2351 tibi
851 2303 967 2352 statura
984 2293 1080 2364 deest,
1096 2290 1312 2368 corpusculum

207 2408 268 2447 non
290 2389 385 2450 deest.
430 2391 539 2465 Itaque
561 2389 664 2448 licebit
685 2389 716 2446 in
742 2389 906 2449 sextariolo
930 2390 1058 2461 scribas
1080 2409 1141 2465 quo
1165 2387 1312 2447 circuitus

207 2485 369 2545 voluminis
390 2486 436 2546 tui
459 2486 498 2546 sit
522 2486 739 2566 ὀγκωδέστατος,
761 2486 841 2545 sicut
864 2496 912 2546 est
935 2486 1095 2546 ventriculi
1120 2486 1185 2545 tui'
1225 2484 1313 2544 Vixit

208 2582 370 2659 plurimum
390 2583 421 2641 in
443 2603 568 2643 secessu
589 2583 666 2643 ruris
688 2583 736 2642 sui
758 2583 865 2643 Sabini
890 2594 943 2643 aut
963 2582 1118 2643 Tiburtini
1140 2585 1311 2657 domusque

208 2679 273 2738 eius
288 2680 459 2740 ostenditur
469 2680 551 2741 circa
563 2680 694 2740 Tiburni
709 2681 851 2740 luculum.
892 2683 1053 2740 Venerunt
1063 2680 1094 2738 in
1106 2700 1215 2740 manus
1226 2699 1311 2738 meas

208 2787 238 2836 et
251 2777 330 2856 elegi
345 2779 403 2837 sub
417 2777 505 2838 titulo
520 2778 585 2838 eius
601 2788 631 2838 et
645 2778 777 2855 epistula
792 2798 882 2854 prosa
896 2778 1033 2838 oratione
1053 2777 1140 2853 quasi
1160 2796 1313 2837 commen-

207 2873 309 2933 dantis
324 2895 356 2935 se
373 2875 556 2948 Maecenati,
569 2876 625 2935 sed
636 2887 764 2952 utraque
775 2875 855 2935 lalsa
869 2885 959 2952 put03
983 2895 1054 2934 nam
1068 2875 1147 2953 elegi
1159 2875 1311 2953 vulgares

207 2971 339 3048 epistula
353 2959 445 3032 etiam
462 2974 603 3045 obscura,
619 2992 680 3048 quo
694 2973 769 3033 vitio
788 2973 912 3032 minime
934 2973 1104 3033 tenebatur.
1147 2973 1247 3032 Natus
1264 2982 1313 3032 est
1336 2983 1338 2986 ‘

207 3068 246 3129 vi.
263 3070 338 3129 Idus
361 3071 542 3130 Decembris
561 3072 596 3130 L.
616 3072 708 3129 Cotta
726 3079 758 3129 et
773 3071 808 3128 L.
825 3072 983 3146 Torquato
1005 3069 1192 3141 consulibus
1207 3071 1313 3129 deces-

206 3165 247 3226 sit
267 3188 295 3227 v.
318 3166 376 3225 kal.
400 3167 580 3227 Decembris
604 3169 639 3227 C.
656 3167 775 3227 Marcio
797 3166 967 3226 Censorino
988 3176 1020 3226 et
1041 3168 1077 3226 C.
1092 3166 1202 3226 Asinio
1220 3167 1312 3226 Gallo

206 3264 384 3324 consulibus
413 3265 542 3340 septimo
569 3274 600 3324 et
628 3264 882 3342 quinquagesimo
910 3284 1000 3335 anno,
1029 3265 1143 3324 herede
1171 3266 1312 3341 Augusto

206 3362 307 3438 palam
330 3371 515 3437 nuncupato,
530 3381 600 3420 cum
622 3371 749 3439 urgente
763 3361 794 3420 vi
809 3361 993 3420 valetudinis
1014 3381 1076 3419 non
1097 3362 1250 3420 sufficeret
1271 3362 1311 3421 ad

206 3458 415 3536 obsignandas
426 3457 601 3518 testamenti
615 3458 745 3518 tabulas.
790 3459 946 3516 Humatus
957 3467 988 3517 et
998 3457 1140 3518 conditus
1155 3466 1202 3517 est
1216 3467 1310 3518 extre·

206 3555 265 3614 mis
280 3553 426 3630 Esquiliis
441 3554 524 3614 iuxta
539 3555 731 3615 Maecenatis
745 3554 903 3614 tumulum.
